@article{aardal2007,
	title={Models and solution techniques for frequency assignment problems},
	author={Aardal, Karen I and Van Hoesel, Stan PM and Koster, Arie MCA and Mannino, Carlo and Sassano, Antonio},
	journal={Annals of Operations Research},
	volume={153},
	number={1},
	pages={79--129},
	year={2007},
	publisher={Springer}
}

@article{akeb2009,
	title={A beam search algorithm for the circular packing problem},
	author={Akeb, Hakim and Hifi, Mhand and M’Hallah, Rym},
	journal={Computers \& Operations Research},
	volume={36},
	number={5},
	pages={1513--1528},
	year={2009},
	publisher={Elsevier}
}

@article{allen2011,
	title={A hybrid placement strategy for the three-dimensional strip packing problem},
	author={Allen, Sam D and Burke, Edmund K and Kendall, Graham},
	journal={European Journal of Operational Research},
	volume={209},
	number={3},
	pages={219--227},
	year={2011},
	publisher={Elsevier}
}

@article{alvarez2013,
	title={A branch \& bound algorithm for cutting and packing irregularly shaped pieces},
	author={Alvarez-Valdes, R and Martinez, A and Tamarit, JM},
	journal={International Journal of Production Economics},
	volume={145},
	number={2},
	pages={463--477},
	year={2013},
	publisher={Elsevier}
}

@misc{alvim1999,
	title={Local search for the bin packing problem},
	author={Alvim, Adriana and Glover, Fred S and Ribeiro, Celso C and Aloise, Dario J},
	year={1999},
	note={\url{http://citeseer.nj.nec.com/alvim99local.html}}
}

@article{alvim2004,
	title={A hybrid improvement heuristic for the one-dimensional bin packing problem},
	author={Alvim, Adriana CF and Ribeiro, Celso C and Glover, Fred and Aloise, Dario J},
	journal={Journal of Heuristics},
	volume={10},
	number={2},
	pages={205--229},
	year={2004},
	publisher={Springer}
}

@techreport{applegate1999,
	title={{Finding tours in the TSP}},
	author={Applegate, David and Bixby, Robert and Chvatal, Vaˇsek and Cook, William},
	year={1999}
}

@inproceedings{arora2019,
	title={{Route planning for cooperative air-ground robots with fuel constraints: an approach based on CMSA}},
	author={Arora, Divansh and Maini, Parikshit and Pinacho-Davidson, Pedro and Blum, Christian},
	booktitle={Proceedings of the Genetic and Evolutionary Computation Conference},
	pages={207--214},
	year={2019}
}

@book{ausiello1999,
	title={Complexity and approximation: Combinatorial optimization problems and their approximability properties},
	author={Ausiello, Giorgio and Crescenzi, Pierluigi and Gambosi, Giorgio and Kann, Viggo and Marchetti-Spaccamela, Alberto and Protasi, Marco},
	year={1999},
	publisher={Springer-Verlag New York}
}

@book{back1996,
	title={Evolutionary Algorithms in Theory and Practice},
	author={B{\"a}ck, Thomas},
	year={1996},
	publisher={Oxford University Press}
}

@book{back1997,
	title={Handbook of Evolutionary Computation},
	author={B{\"a}ck, Thomas and Fogel, David B and Michalewicz, Zbigniew},
	year={1997},
	publisher={Institute of Physics Publishing and Oxford University Press}
}

@article{baker1980,
	title={Orthogonal packings in two dimensions},
	author={Baker, Brenda S and Coffman, Jr, Edward G and Rivest, Ronald L},
	journal={SIAM Journal on Computing},
	volume={9},
	number={4},
	pages={846--855},
	year={1980},
	publisher={SIAM}
}

@article{baker1985,
	title={A new proof for the first-fit decreasing bin-packing algorithm},
	author={Baker, Brenda S},
	journal={Journal of Algorithms},
	volume={6},
	number={1},
	pages={49--70},
	year={1985},
	publisher={Elsevier}
}

@article{balas1965,
	title={An additive algorithm for solving linear programs with zero-one variables},
	author={Balas, Egon},
	journal={Operations Research},
	volume={13},
	number={4},
	pages={517--546},
	year={1965},
	publisher={INFORMS}
}

@article{bang1997,
	title={Alternating cycles and paths in edge-coloured multigraphs: a survey},
	author={Bang-Jensen, J{\o}rgen and Gutin, Gregory},
	journal={Discrete Mathematics},
	volume={165},
	number={1},
	pages={39--60},
	year={1997},
	publisher={Elsevier}
}

@article{bang1998,
	title={Alternating cycles and trails in 2-edge-coloured complete multigraphs},
	author={Bang-Jensen, J{\o}rgen and Gutin, Gregory},
	journal={Discrete Mathematics},
	volume={188},
	number={1-3},
	pages={61--72},
	year={1998},
	publisher={Elsevier}
}

@inproceedings{bankfalvi1968,
	title={{Alternating Hamiltonian circuit in two-coloured complete graphs}},
	author={Bankfalvi, M and Bankfalvi, Zs},
	booktitle={Proceedings of Colloq. Tihany 1968},
	pages={11--18},
	year={1968}
}

@phdthesis{becker2010,
	title={{Twin-Constrained Hamiltonian Paths on Threshold Graphs - An Approach to the Minimum Score Separation Problem}},
	author={Becker, Kai Helge},
	school={{London School of Economics}},
	year={2010}
}

@article{becker2015,
	title={{A Heuristic for the Minimum Score Separation Problem, a Combinatorial Problem Associated with the Cutting Stock Problem}},
	author={Becker, Kai Helge and Appa, Gautam},
	journal={{Journal of the Operational Research Society}},
	volume={66},
	number={8},
	pages={1297--1311},
	year={2015},
	publisher={Palgrave Macmillan UK}
}

@article{bellman1961,
	title={Dynamic programming treatment of the traveling salesman problem.},
	author={Bellman, Richard Ernest},
	journal={Journal of the ACM (JACM)},
	volume={9},
	number={1},
	pages={61--63},
	year={1961},
	publisher={ACM New York, NY, USA}
}

@article{belov2002,
	title={A cutting plane algorithm for the one-dimensional cutting stock problem with multiple stock lengths},
	author={Belov, Gleb and Scheithauer, Guntram},
	journal={European Journal of Operational Research},
	volume={141},
	number={2},
	pages={274--294},
	year={2002},
	publisher={Elsevier}
}

@article{beltran2004,
	title={{GRASP-VNS hybrid for the Strip Packing Problem}},
	author={Beltr{\'a}n, Jes{\'u}s David and Calder{\'o}n, Jose Eduardo and Cabrera, Rayco Jorge and Moreno-P{\'e}rez, Jos{\'e} A and Moreno-Vega, J Marcos},
	journal={Hybrid metaheuristics},
	volume={2004},
	pages={79--90},
	year={2004}
}

@article{bennell2001,
	title={The irregular cutting-stock problem -- a new procedure for deriving the no-fit polygon},
	author={Bennell, Julia A and Dowsland, Kathryn A and Dowsland, William B},
	journal={Computers \& Operations Research},
	volume={28},
	number={3},
	pages={271--287},
	year={2001},
	publisher={Elsevier}
}

@article{bianchi2006,
	title={Hybrid metaheuristics for the vehicle routing problem with stochastic demands},
	author={Bianchi, Leonora and Birattari, Mauro and Chiarandini, Marco and Manfrin, Max and Mastrolilli, Monaldo and Paquete, Luis and Rossi-Doria, Olivia and Schiavinotto, Tommaso},
	journal={Journal of Mathematical Modelling and Algorithms},
	volume={5},
	number={1},
	pages={91--110},
	year={2006},
	publisher={Springer}
}

@article{bianchi2009,
	title={A survey on metaheuristics for stochastic combinatorial optimization},
	author={Bianchi, Leonora and Dorigo, Marco and Gambardella, Luca Maria and Gutjahr, Walter J},
	journal={Natural Computing},
	volume={8},
	number={2},
	pages={239--287},
	year={2009},
	publisher={Springer}
}

@article{bjorklund2014,
	title={{Determinant sums for undirected Hamiltonicity}},
	author={Bjorklund, Andreas},
	journal={SIAM Journal on Computing},
	volume={43},
	number={1},
	pages={280--299},
	year={2014},
	publisher={SIAM}
}

@article{blum2003,
	title={Metaheuristics in combinatorial optimization: Overview and conceptual comparison},
	author={Blum, Christian and Roli, Andrea},
	journal={ACM computing surveys (CSUR)},
	volume={35},
	number={3},
	pages={268--308},
	year={2003},
	publisher={Acm New York, NY, USA}
}

@book{blum2008,
	title={Hybrid metaheuristics: an emerging approach to optimization},
	author={Blum, Christian and Roli, Andrea and Sampels, Michael},
	volume={114},
	year={2008},
	publisher={Springer}
}

@article{blum2011,
	title={Hybrid metaheuristics in combinatorial optimization: a survey},
	author={Blum, Christian and Puchinger, Jakob and Raidl, G{\"u}nther R and Roli, Andrea},
	journal={Applied Soft Computing},
	volume={11},
	number={6},
	pages={4135--4151},
	year={2011},
	publisher={Elsevier}
}

@article{blum2013,
	title={{Solving the 2D bin packing problem by means of a hybrid evolutionary algorithm}},
	author={Blum, Christian and Schmid, Verena},
	journal={Procedia Computer Science},
	volume={18},
	pages={899--908},
	year={2013},
	publisher={Elsevier}
}

@article{blum2015,
	title={A matheuristic for the minimum weight rooted arborescence problem},
	author={Blum, Christian and Calvo, Borja},
	journal={Journal of Heuristics},
	volume={21},
	number={4},
	pages={479--499},
	year={2015},
	publisher={Springer}
}

@article{blum2016cmsa,
	title={Construct, merge, solve \& adapt a new general algorithm for combinatorial optimization},
	author={Blum, Christian and Pinacho, Pedro and L{\'o}pez-Ib{\'a}{\~n}ez, Manuel and Lozano, Jos{\'e} A},
	journal={Computers \& Operations Research},
	volume={68},
	pages={75--88},
	year={2016},
	publisher={Elsevier}
}

@inproceedings{blum2016lp,
	title={{Extension of the CMSA algorithm: an LP-based way for reducing sub-instances}},
	author={Blum, Christian and Pereira, Jordi},
	booktitle={Proceedings of the Genetic and Evolutionary Computation Conference 2016},
	pages={285--292},
	year={2016}
}

@inproceedings{blum2016mcsp,
	title={Construct, merge, solve and adapt: application to unbalanced minimum common string partition},
	author={Blum, Christian},
	booktitle={International Workshop on Hybrid Metaheuristics},
	pages={17--31},
	year={2016},
	organization={Springer}
}

@inproceedings{blum2016lcsp,
	title={Construct, merge, solve and adapt: application to the repetition-free longest common subsequence problem},
	author={Blum, Christian and Blesa, Maria J},
	booktitle={Evolutionary Computation in Combinatorial Optimization},
	pages={46--57},
	year={2016},
	organization={Springer}
}

@inproceedings{blum2019,
	title={{Generic CP-supported CMSA for binary integer linear programs}},
	author={Blum, Christian and Santos, Haroldo Gambini},
	booktitle={International Workshop on Hybrid Metaheuristics},
	pages={1--15},
	year={2019},
	organization={Springer}
}

@article{bollobas1976,
	title={{Alternating Hamiltonian cycles}},
	author={Bollob{\'a}s, B{\'e}la and Erd{\"o}s, Paul},
	journal={Israel Journal of Mathematics},
	volume={23},
	number={2},
	pages={126--131},
	year={1976},
	publisher={Springer}
}

@article{bortfeldt2006,
	title={A genetic algorithm for the two-dimensional strip packing problem with rectangular pieces},
	author={Bortfeldt, Andreas},
	journal={European Journal of Operational Research},
	volume={172},
	number={3},
	pages={814--837},
	year={2006},
	publisher={Elsevier}
}

@article{bozejko2010,
	title={Parallel hybrid metaheuristics for the flexible job shop problem},
	author={Bo{\.z}ejko, Wojciech and Uchro{\'n}ski, Mariusz and Wodecki, Mieczys{\l}aw},
	journal={Computers \& Industrial Engineering},
	volume={59},
	number={2},
	pages={323--333},
	year={2010},
	publisher={Elsevier}
}

@book{brandstadt1999,
	title={Graph classes: a survey},
	author={Brandstadt, Andreas and Spinrad, Jeremy P and others},
	volume={3},
	year={1999},
	publisher={SIAM}
}

@book{brown1971,
	title={Optimum packing and depletion},
	author={Brown, Arthur Robert},
	year={1971},
	publisher={American Elsevier, New York}
}

@article{brown2005,
	title={Evaluating performance advantages of grouping genetic algorithms},
	author={Brown, Evelyn C and Sumichrast, Robert T},
	journal={Engineering Applications of Artificial Intelligence},
	volume={18},
	number={1},
	pages={1--12},
	year={2005},
	publisher={Elsevier}
}

@book{buckles1992,
	title={Genetic Algorithms},
	author={Buckles, Bill P and Petry, Frederick E},
	year={1992},
	publisher={IEEE Computer Society Press}
}

@incollection{burke2006,
	title={Evolving bin packing heuristics with genetic programming},
	author={Burke, Edmund K and Hyde, Matthew R and Kendall, Graham},
	booktitle={Parallel Problem Solving from Nature-PPSN IX},
	pages={860--869},
	year={2006},
	publisher={Springer}
}

@article{carter1996,
	title={Examination timetabling: Algorithmic strategies and applications},
	author={Carter, Michael W and Laporte, Gilbert and Lee, Sau Yan},
	journal={Journal of the Operational Research Society},
	volume={47},
	number={3},
	pages={373--383},
	year={1996},
	publisher={Springer}
}

@article{chandra1978,
	title={Bin packing with geometric constraints in computer network design},
	author={Chandra, AK and Hirschberg, Daniel S and Wong, CK},
	journal={Operations Research},
	volume={26},
	number={5},
	pages={760--772},
	year={1978},
	publisher={INFORMS}
}

@article{chen1976,
	title={{Graphs with Hamiltonian cycles having adjacent lines different colors}},
	author={Chen, CC and Daykin, David E},
	journal={Journal of Combinatorial Theory, Series B},
	volume={21},
	number={2},
	pages={135--139},
	year={1976},
	publisher={Elsevier}
}

@article{chen2009,
	title={Hybrid metaheuristics for unrelated parallel machine scheduling with sequence-dependent setup times},
	author={Chen, Chun-Lung and Chen, Chuen-Lung},
	journal={The International Journal of Advanced Manufacturing Technology},
	volume={43},
	number={1-2},
	pages={161},
	year={2009},
	publisher={Springer}
}

@article{chvatal1973,
	title={Set packing and threshold graphs},
	author={Chv{\'a}tal, V. and Hammer, P. L.},
	journal={Waterloo Res. Report},
	pages={73--21},
	year={1973}
}

@article{chvatal1977,
	title={Aggregation of inequalities in integer programming},
	author={Chv{\'a}tal, V. and Hammer, P. L.},
	journal={Annals of Discrete Mathematics},
	volume={1},
	pages={145--162},
	year={1977},
	publisher={Elsevier}
}

@article{chvatal1985,
	title={Hamiltonian cycles},
	author={Chv{\'a}tal, V.},
	journal={The traveling salesman problem},
	pages={403--429},
	year={1985},
	publisher={Wiley New York}
}

@inproceedings{cobham1965,
	title={The intrinsic computational difficulty of functions},
	author={Cobham, Alan},
	booktitle={Proceedings of the 1964 International Congress for Logic, Methodology, and Philosophy of Science},
	pages={24--30},
	year={1965},
	publisher={North-Holland Publishing Company: Amsterdam}	
}

@article{coffman1978,
	title={{An Application of Bin-Packing to Multiprocessor Scheduling}},
	author={Coffman, Edward G and Garey, Michael R and Johnson, David S},
	journal={{SIAM Journal on Computing}},
	volume={7},
	number={1},
	pages={1--17},
	year={1978},
	publisher={SIAM}
}

@incollection{coffman1984,
	title={{Approximation Algorithms for Bin-Packing -- An Updated Survey}},
	author={Coffman, Edward G and Garey, Michael R and Johnson, David S},
	booktitle={{Algorithm Design for Computer System Design}},
	pages={49--106},
	year={1984},
	publisher={Springer}
}

@article{coffman1987,
	title={Bin packing with divisible item sizes},
	author={Coffman, Edward G and Garey, Michael R and Johnson, David S},
	journal={Journal of Complexity},
	volume={3},
	number={4},
	pages={406--428},
	year={1987},
	publisher={Elsevier}
}

@inproceedings{coffman1996,
	title={Approximation algorithms for bin packing: a survey},
	author={Coffman, Edward G and Garey, Michael R and Johnson, David S},
	booktitle={Approximation algorithms for NP-hard problems},
	pages={46--93},
	year={1996},
	organization={PWS Publishing Co.}
}

@incollection{coffman1999,
	title={Bin packing approximation algorithms: Combinatorial analysis},
	author={Coffman, Edward G and Galambos, Gabor and Martello, Silvano and Vigo, Daniele},
	booktitle={Handbook of combinatorial optimization},
	pages={151--207},
	year={1999},
	publisher={Springer}
}

@article{coffman2013,
	title={Bin packing approximation algorithms: survey and classification},
	author={Coffman, Edward G and Csirik, J{\'a}nos and Galambos, G{\'a}bor and Martello, Silvano and Vigo, Daniele},
	journal={Handbook of combinatorial optimization},
	pages={455--531},
	year={2013},
	publisher={Springer}
}

@inproceedings{coll1995,
	title={A discussion on some design principles for efficient crossover operators for graph coloring problems},
	author={Coll, Pablo E and Dur{\'a}n, Guillermo A and Moscato, Pablo},
	booktitle={Anais do XXVII Simp{\'o}sio Brasileiro de Pesquisa Operacional”, Vit{\'o}ria-Brazil},
	year={1995},
	organization={Citeseer}
}

@inproceedings{cook1971,
	title={The complexity of theorem-proving procedures},
	author={Cook, Stephen A},
	booktitle={Proceedings of the third annual ACM symposium on Theory of Computing},
	pages={151--158},
	year={1971}
}

@article{cook1983,
	title={An overview of computational complexity},
	author={Cook, Stephen A},
	journal={Communications of the ACM},
	volume={26},
	number={6},
	pages={400--408},
	year={1983},
	publisher={ACM New York, NY, USA}
}

@article{cook2003,
	title={Tour merging via branch-decomposition},
	author={Cook, William and Seymour, Paul},
	journal={INFORMS Journal on Computing},
	volume={15},
	number={3},
	pages={233--248},
	year={2003},
	publisher={INFORMS}
}

@article{cook2006,
	title={{The P versus NP problem}},
	author={Cook, Stephen},
	journal={The millennium prize problems},
	pages={87--104},
	year={2006}
}

@article{coudert2010,
	title={Power-efficient radio configuration in fixed broadband wireless networks},
	author={Coudert, David and Nepomuceno, Napole{\~a}o and Rivano, Herv{\'e}},
	journal={Computer Communications},
	volume={33},
	number={8},
	pages={898--906},
	year={2010},
	publisher={Elsevier}
}

@inproceedings{coudert2011,
	title={Energy saving in fixed wireless broadband networks},
	author={Coudert, David and Nepomuceno, Napoleao and Tahiri, Issam},
	booktitle={International Conference on Network Optimization},
	pages={484--489},
	year={2011},
	organization={Springer}
}

@article{crainic2007,
	title={New bin packing fast lower bounds},
	author={Crainic, Teodor Gabriel and Perboli, Guido and Pezzuto, Miriam and Tadei, Roberto},
	journal={Computers \& Operations Research},
	volume={34},
	number={11},
	pages={3439--3457},
	year={2007},
	publisher={Elsevier}
}

@article{csirik1988,
	title={Online algorithms for a dual version of bin packing},
	author={Csirik, J{\'a}nos and Totik, V},
	journal={Discrete Applied Mathematics},
	volume={21},
	number={2},
	pages={163--167},
	year={1988},
	publisher={Elsevier}
}

@article{csirik1997,
	title={Shelf algorithms for on-line strip packing},
	author={Csirik, J{\'a}nos and Woeginger, Gerhard J},
	journal={Information Processing Letters},
	volume={63},
	number={4},
	pages={171--175},
	year={1997},
	publisher={Elsevier}
}

@incollection{csirik1998,
	title={On-line packing and covering problems},
	author={Csirik, J{\'a}nos and Woeginger, Gerhard J},
	booktitle={Online Algorithms},
	pages={147--177},
	year={1998},
	publisher={Springer}
}

@article{cui2013,
	title={Heuristic for the rectangular strip packing problem with rotation of items},
	author={Cui, Yaodong and Yang, Liu and Chen, Qiulian},
	journal={Computers \& Operations Research},
	volume={40},
	number={4},
	pages={1094--1099},
	year={2013},
	publisher={Pergamon}
}

@article{cui2017,
	title={New model and heuristic solution approach for one-dimensional cutting stock problem with usable leftovers},
	author={Cui, Yaodong and Song, Xiang and Chen, Yan and Cui, Yi-Ping},
	journal={Journal of the Operational Research Society},
	volume={68},
	number={3},
	pages={269--280},
	year={2017},
	publisher={Taylor \& Francis}
}

@book{darwin1875,
	title={The variation of animals and plants under domestication},
	author={Darwin, Charles},
	year={1875},
	publisher={John Murray}
}

@article{dasilveira2013,
	title={Heuristics for the strip packing problem with unloading constraints},
	author={da Silveira, Jefferson LM and Miyazawa, Fl{\'a}Vio K and Xavier, Eduardo C},
	journal={Computers \& Operations Research},
	volume={40},
	number={4},
	pages={991--1003},
	year={2013},
	publisher={Pergamon}
}

@article{davis1991,
	title={Handbook of genetic algorithms},
	author={Davis, Lawrence},
	year={1991},
	publisher={CumInCAD}
}

@article{daykin1976,
	title={Graphs with cycles having adjacent lines different colors},
	author={Daykin, DE},
	journal={Journal of Combinatorial Theory, Series B},
	volume={20},
	number={2},
	pages={149--152},
	year={1976},
	publisher={Elsevier}
}

@article{decarvalho1999,
	title={Exact solution of bin-packing problems using column generation and branch-and-bound},
	author={De Carvalho, JM Val{\'e}rio},
	journal={Annals of Operations Research},
	volume={86},
	pages={629--659},
	year={1999},
	publisher={Springer}
}

@article{delahaye2006,
	title={{The science behind Sudoku}},
	author={Delahaye, Jean-Paul},
	journal={Scientific American},
	volume={294},
	number={6},
	pages={80--87},
	year={2006},
	publisher={JSTOR}
}

@article{delorme2010,
	title={Evolutionary, constructive and hybrid procedures for the bi-objective set packing problem},
	author={Delorme, Xavier and Gandibleux, Xavier and Degoutin, Fabien},
	journal={European Journal of Operational Research},
	volume={204},
	number={2},
	pages={206--217},
	year={2010},
	publisher={Elsevier}
}

@article{delorme2016,
	title={Bin packing and cutting stock problems: Mathematical models and exact algorithms},
	author={Delorme, Maxence and Iori, Manuel and Martello, Silvano},
	journal={European Journal of Operational Research},
	volume={255},
	number={1},
	pages={1--20},
	year={2016},
	publisher={Elsevier}
}

@phdthesis{dorigo1992,
	title={Optimization, learning and natural algorithms},
	author={Dorigo, Marco},
	school={Politecnico di Milano},
	year={1992}
}

@article{dosa2007,
	title={{The Tight Bound of First Fit Decreasing Bin-Packing Algorithm is {$FFD (I) \leq 11/9 OPT (I)+ 6/9$}}},
	author={D{\'o}sa, Gy{\"o}rgy},
	journal={{Combinatorics, Algorithms, Probabilistic and Experimental Methodologies}},
	pages={1--11},
	year={2007},
	publisher={Springer}
}

@inproceedings{dosa2013ff,
	title={{First Fit bin packing: A tight analysis}},
	author={D{\'o}sa, Gy{\"o}rgy and Sgall, Jir{\'\i}},
	booktitle={30th International Symposium on Theoretical Aspects of Computer Science (STACS 2013)},
	year={2013},
	organization={Schloss Dagstuhl-Leibniz-Zentrum fuer Informatik}
}

@article{dosa2013ffd,
	title={{Tight absolute bound for First Fit Decreasing bin-packing: {$FFD (l) \leq 11/9OPT (L)+ 6/9$}}},
	author={D{\'o}sa, Gy{\"o}rgy and Li, Rongheng and Han, Xin and Tuza, Zsolt},
	journal={Theoretical Computer Science},
	volume={510},
	pages={13--61},
	year={2013},
	publisher={Elsevier}
}

@inproceedings{dosa2014,
	title={{Optimal analysis of Best Fit bin packing}},
	author={D{\'o}sa, Gy{\"o}rgy and Sgall, Ji{\v{r}}{\'\i}},
	booktitle={International Colloquium on Automata, Languages, and Programming},
	pages={429--441},
	year={2014},
	organization={Springer}
}

@article{dyckhoff1990,
	title={A typology of cutting and packing problems},
	author={Dyckhoff, Harald},
	journal={European Journal of Operational Research},
	volume={44},
	number={2},
	pages={145--159},
	year={1990},
	publisher={Elsevier}
}

@book{ecker1977,
	title={On a graph labelling problem},
	author={Ecker, Klaus and Zaks, S},
	year={1977},
	publisher={Ges. f. Math. u. Datenverarb.}
}

@article{edmonds1965,
	title={Paths, trees, and flowers},
	author={Edmonds, Jack},
	journal={Canadian Journal of Mathematics},
	volume={17},
	pages={449--467},
	year={1965},
	publisher={Cambridge University Press}
}

@article{eilon1971,
	title={{The Loading Problem}},
	author={Eilon, Samuel and Christofides, Nicos},
	journal={{Management Science}},
	volume={17},
	number={5},
	pages={259--268},
	year={1971},
	publisher={INFORMS}
}

@inproceedings{falkenauer1991,
	title={A genetic algorithm for grouping},
	author={Falkenauer, Emanuel},
	booktitle={Proceedings of the Fifth International Symposium on Applied Stochastic Models and Data Analysis},
	pages={198--206},
	year={1991},
	organization={World Scientific}
}

@inproceedings{falkenauer1991j,
	title={A genetic algorithm for job shop},
	author={Falkenauer, Emanuel and Bouffouix, S},
	booktitle={ICRA},
	pages={824--829},
	year={1991},
	organization={Citeseer}
}

@inproceedings{falkenauer1992,
	title={A genetic algorithm for bin packing and line balancing},
	author={Falkenauer, Emanuel and Delchambre, Alain},
	booktitle={IEEE International Conference on Robotics and Automation},
	pages={1186--1192},
	year={1992},
	organization={IEEE}
}

@article{falkenauer1993,
	title={{The grouping genetic algorithms: widening the scope of the GA's}},
	author={Falkenauer, Emanuel},
	journal={JORBEL-Belgian Journal of Operations Research, Statistics, and Computer Science},
	volume={33},
	number={1-2},
	pages={79--102},
	year={1993}
}

@article{falkenauer1994,
	title={A new representation and operators for genetic algorithms applied to grouping problems},
	author={Falkenauer, Emanuel},
	journal={Evolutionary computation},
	volume={2},
	number={2},
	pages={123--144},
	year={1994},
	publisher={MIT Press}
}

@inproceedings{falkenauer1995,
	title={Solving equal piles with the grouping genetic algorithm},
	author={Falkenauer, Emanuel},
	booktitle={Proceeding of the Sixth International Conference on Genetic Algorithms},
	pages={492--497},
	year={1995}
}

@article{falkenauer1996,
	title={A hybrid grouping genetic algorithm for bin packing},
	author={Falkenauer, Emanuel},
	journal={Journal of Heuristics},
	volume={2},
	number={1},
	pages={5--30},
	year={1996},
	publisher={Kluwer Academic Publishers}
}

@book{falkenauer1998,
	title={Genetic algorithms and grouping problems},
	author={Falkenauer, Emanuel},
	year={1998},
	publisher={John Wiley \& Sons, Inc.}
}

@inproceedings{fekete1998,
	title={New classes of lower bounds for bin packing problems},
	author={Fekete, S{\'a}ndor P and Schepers, J{\"o}rg},
	booktitle={International Conference on Integer Programming and Combinatorial Optimization},
	pages={257--270},
	year={1998},
	organization={Springer}
}

@article{feo1995,
	title={Greedy randomized adaptive search procedures},
	author={Feo, Thomas A and Resende, Mauricio GC},
	journal={Journal of Global Optimization},
	volume={6},
	number={2},
	pages={109--133},
	year={1995},
	publisher={Springer}
}

@article{fernandez1981,
	title={Bin packing can be solved within 1+ $\varepsilon$ in linear time},
	author={Fernandez de la Vega, W and Lueker, George S},
	journal={Combinatorica},
	volume={1},
	number={4},
	pages={349--355},
	year={1981},
	publisher={Springer}
}

@article{ferreira2001,
	title={Gene expression programming: a new adaptive algorithm for solving problems},
	author={Ferreira, C{\^a}ndida},
	journal={Complex Systems},
	volume={13},
	number={2},
	pages={87--129},
	year={2001}
}

@article{fidanova2016,
	title={An improved hybrid ant-local search algorithm for the partition graph coloring problem},
	author={Fidanova, Stefka and Pop, Petric{\u{a}}},
	journal={Journal of Computational and Applied Mathematics},
	volume={293},
	pages={55--61},
	year={2016},
	publisher={Elsevier}
}

@article{fleszar2002,
	title={New heuristics for one-dimensional bin-packing},
	author={Fleszar, Krzysztof and Hindi, Khalil S},
	journal={Computers \& Operations Research},
	volume={29},
	number={7},
	pages={821--839},
	year={2002},
	publisher={Elsevier}
}

@book{fogel1966,
	title={Artificial intelligence through simulated evolution},
	author={Fogel, Lawrence J and Owens, Alvin J and Walsh, Michael J},
	year={1966},
	publisher={John Wiley \& Sons}
}

@book{fogel1995,
	title={Evolutionary Computation: Toward a New Philosophy of Machine Intelligence},
	author={Fogel, David B},
	year={1995},
	publisher={IEEE}
}

@article{furian2013,
	title={Constrained order packing: comparison of heuristic approaches for a new bin packing problem},
	author={Furian, Nikolaus and V{\"o}ssner, Siegfried},
	journal={Central European Journal of Operations Research},
	volume={21},
	number={1},
	pages={237--264},
	year={2013},
	publisher={Springer}
}

@article{galinier1999,
	title={Hybrid evolutionary algorithms for graph coloring},
	author={Galinier, Philippe and Hao, Jin-Kao},
	journal={Journal of Combinatorial Optimization},
	volume={3},
	number={4},
	pages={379--397},
	year={1999},
	publisher={Springer}
}

@inproceedings{garey1972,
	title={Worst-case analysis of memory allocation algorithms},
	author={Garey, Michael R and Graham, Ronald L and Ullman, Jeffrey D},
	booktitle={Proceedings of the fourth annual ACM Symposium on Theory of Computing},
	pages={143--150},
	year={1972},
	organization={ACM}
}

@article{garey1976,
	title={Resource constrained scheduling as generalized bin packing},
	author={Garey, Michael R and Graham, Ronald L and Johnson, David S and Yao, Andrew Chi-Chih},
	journal={Journal of Combinatorial Theory, Series A},
	volume={21},
	number={3},
	pages={257--298},
	year={1976},
	publisher={Citeseer}
}

@article{garey1978,
	title={{``Strong''NP-Completeness Results: Motivation, Examples, and Implications}},
	author={Garey, Michael R and Johnson, David S},
	journal={Journal of the ACM},
	volume={25},
	number={3},
	pages={499--508},
	year={1978},
	publisher={ACM New York, NY, USA}
}

@book{garey1979,
  title={{Computers and Intractability: A Guide to the Theory of NP-Completeness}},
  author={Garey, Michael R and Johnson, David S},
  year={1979},
  publisher={WH Freeman Co., San Francisco}
}

@article{garraffa2016,
	title={The one-dimensional cutting stock problem with sequence-dependent cut losses},
	author={Garraffa, Michele and Salassa, Fabio and Vancroonenburg, Wim and Vanden Berghe, Greet and Wauters, Tony},
	journal={International Transactions in Operational Research},
	volume={23},
	number={1-2},
	pages={5--24},
	year={2016},
	publisher={Wiley Online Library}
}

@article{gilmore1961,
	title={A linear programming approach to the cutting-stock problem},
	author={Gilmore, Paul C and Gomory, Ralph E},
	journal={Operations Research},
	volume={9},
	number={6},
	pages={849--859},
	year={1961},
	publisher={INFORMS}
}

@article{gilmore1963,
	title={{A linear programming approach to the cutting stock problem—Part II}},
	author={Gilmore, Paul C and Gomory, Ralph E},
	journal={Operations Research},
	volume={11},
	number={6},
	pages={863--888},
	year={1963},
	publisher={INFORMS}
}

@article{glover1986,
	title={Future paths for integer programming and links to artificial intelligence},
	author={Glover, Fred},
	journal={Computers \& Operations Research},
	volume={13},
	number={5},
	pages={533--549},
	year={1986}
}

@book{glover2003,
	title={Handbook of Metaheuristics},
	author={Glover, Fred W and Kochenberger, Gary A},
	year={2003},
	publisher={Kluwer Academic Publishers}
}

@book{goldberg1989,
	title={Genetic Algorithms in Search, Optimization and Machine Learning},
	author={Goldberg, D E},
	year={1989},
	publisher={Addison-Wesley Publishing Co.}
}

@book{golumbic2004,
	title={Algorithmic graph theory and perfect graphs},
	author={Golumbic, M. C.},
	volume={57},
	year={2004},
	publisher={Elsevier}
}

@article{gorbenko2012,
	title={{The Hamiltonian Alternating Path Problem}},
	author={Gorbenko, Anna and Popov, Vladimir},
	journal={International Journal of Applied Mathematics},
	volume={42},
	number={4},
	year={2012}
}

@article{gould1991,
	title={{Updating the Hamiltonian problem -- a survey}},
	author={Gould, Ronald J},
	journal={Journal of Graph Theory},
	volume={15},
	number={2},
	pages={121--157},
	year={1991},
	publisher={Wiley Online Library}
}

@article{gould2003,
	title={{Advances on the Hamiltonian problem -- a survey}},
	author={Gould, Ronald J},
	journal={Graphs and Combinatorics},
	volume={19},
	number={1},
	pages={7--52},
	year={2003},
	publisher={Springer-Verlag}
}

@article{goulimis2004,
	title={{Minimum Score Separation - an open combinatorial problem associated with the cutting stock problem}},
	author={Goulimis, C},
	journal={{Journal of the Operational Research Society}},
	volume={55},
	number={12},
	pages={1367--1368},
	year={2004}
}

@article{grossman1983,
	title={Alternating cycles in edge-partitioned graphs},
	author={Grossman, Jerrold W and H{\"a}ggkvist, Roland},
	journal={Journal of Combinatorial Theory, Series B},
	volume={34},
	number={1},
	pages={77--81},
	year={1983},
	publisher={Elsevier}
}

@article{gupta1999,
	title={A new heuristic algorithm for the one-dimensional bin-packing problem},
	author={Gupta, Jatinder ND and Ho, Johnny C},
	journal={Production Planning \& Control},
	volume={10},
	number={6},
	pages={598--603},
	year={1999},
	publisher={Taylor \& Francis}
}

@book{haggkvist1977,
	title={On F-Hamiltonian graphs},
	author={H{\"a}ggkvist, Roland},
	year={1977},
	publisher={University of Ume{\aa}, Department of Mathematics}
}

@article{haouari2009,
	title={Heuristics for the variable sized bin-packing problem},
	author={Haouari, Mohamed and Serairi, Mehdi},
	journal={Computers \& Operations Research},
	volume={36},
	number={10},
	pages={2877--2884},
	year={2009},
	publisher={Elsevier}
}

@inproceedings{hawa2018,
	title={{Heuristics for the Score-Constrained Strip-Packing Problem}},
	author={Hawa, Asyl L and Lewis, Rhyd and Thompson, Jonathan M},
	booktitle={International Conference on Combinatorial Optimization and Applications},
	pages={449--462},
	year={2018},
	organization={Springer}
}

@misc{hawa2020inst,
	author={Hawa, Asyl Liyakat},
	title={{Problem instance generator for the Score-Constrained Packing Problem (SCPP}},
	month=aug,
	year={2020},
	doi={10.5281/zenodo.3986636},
	note={\url{https://doi.org/10.5281/zenodo.3986636}}
}

@misc{hawa2020heur,
	author={Hawa, Asyl Liyakat},
	title={{Heuristics for the Score-Constrained Packing Problem (SCPP): Source Code and Results}},
	month=aug,
	year={2020},
	doi={10.5281/zenodo.3986638},
	note={\url{https://doi.org/10.5281/zenodo.3986638}}
}

@misc{hawa2020ea,
	author={Hawa, Asyl Liyakat},
	title={{Evolutionary Algorithm (EA) for the Score-Constrained Packing Problem (SCPP): Source Code and Results}},
	month=aug,
	year={2020},
	doi={10.5281/zenodo.3986640},
	note={\url{https://doi.org/10.5281/zenodo.3986640}}
}

@misc{hawa2020vrp,
	author={Hawa, Asyl Liyakat},
	title={{An Integer Linear Programming (ILP) Model for the Score-Constrained Packing Problem (SCPP)}},
	month=aug,
	year={2020},
	doi={10.5281/zenodo.3986644},
	note={\url{https://doi.org/10.5281/zenodo.3986644}}
}

@misc{hawa2020cmsa,
	author={Hawa, Asyl Liyakat},
	title={{CMSA Algorithms for the Score-Constrained Packing Problem (SCPP): Source Code and Results}},
	month=aug,
	year={2020},
	doi={10.5281/zenodo.3986637},
	note={\url{https://doi.org/10.5281/zenodo.3986637}}
}

@misc{hawa2020tsp,
	author={Hawa, Asyl Liyakat},
	title={{An Integer Linear Programming (ILP) Model for the Modified Score-Constrained Packing Sub-Problem (sub-MSCPP)}},
	month=aug,
	year={2020},
	doi={10.5281/zenodo.3986656},
	note={\url{https://doi.org/10.5281/zenodo.3986656}}
}

@misc{hawa2020mscpp,
	author={Hawa, Asyl Liyakat},
	title={{A Heuristic for the Modified Score-Constrained Packing Problem (MSCPP): Source Code and Results}},
	month=aug,
	year={2020},
	doi={10.5281/zenodo.3986642},
	note={\url{https://doi.org/10.5281/zenodo.3986642}}
}

@article{he2013,
	title={Heuristics for two-dimensional strip packing problem with $90^{\circ}$ rotations},
	author={He, Kun and Jin, Yan and Huang, Wenqi},
	journal={Expert Systems with Applications},
	volume={40},
	number={14},
	pages={5542--5550},
	year={2013},
	publisher={Pergamon}
}

@article{held1962,
	title={A dynamic programming approach to sequencing problems},
	author={Held, Michael and Karp, Richard M},
	journal={Journal of the Society for Industrial and Applied mathematics},
	volume={10},
	number={1},
	pages={196--210},
	year={1962},
	publisher={SIAM}
}

@article{hemmelmayr2012,
	title={Variable neighbourhood search for the variable sized bin packing problem},
	author={Hemmelmayr, Vera and Schmid, Verena and Blum, Christian},
	journal={Computers \& Operations Research},
	volume={39},
	number={5},
	pages={1097--1108},
	year={2012},
	publisher={Elsevier}
}

@article{henderson1977,
	title={{A graph-theoretic characterization of the PV{$_{chunk}$} class of synchronizing primitives}},
	author={Henderson, Peter B and Zalcstein, Yechezkel},
	journal={SIAM Journal on Computing},
	volume={6},
	number={1},
	pages={88--108},
	year={1977},
	publisher={SIAM}
}

@article{hifi1997,
	title={A genetic algorithm-based heuristic for solving the weighted maximum independent set and some equivalent problems},
	author={Hifi, Mhand},
	journal={Journal of the Operational Research Society},
	volume={48},
	number={6},
	pages={612--622},
	year={1997},
	publisher={Springer}
}

@article{hifi1998,
	title={Exact algorithms for the guillotine strip cutting/packing problem},
	author={Hifi, Mhand},
	journal={Computers \& Operations Research},
	volume={25},
	number={11},
	pages={925--940},
	year={1998},
	publisher={Elsevier}
}

@article{hilton1992,
	title={{Alternating Hamiltonian circuits in edge-coloured bipartite graphs}},
	author={Hilton, Anthony JW},
	journal={Discrete Applied Mathematics},
	volume={35},
	number={3},
	pages={271--273},
	year={1992},
	publisher={Elsevier}
}

@incollection{hinterding1994,
	title={Genetic algorithms for cutting stock problems: with and without contiguity},
	author={Hinterding, Robert and Khan, Lutfar},
	booktitle={Progress in evolutionary computation},
	pages={166--186},
	year={1994},
	publisher={Springer}
}

@incollection{holland1962c,
	title={Concerning efficient adaptive systems},
	author={Holland, John H},
	booktitle={Self-Organizing Systems},
	volume={230},
	pages={215--230},
	year={1962},
	publisher={Spartan Books}
}

@article{holland1962o,
	title={Outline for a logical theory of adaptive systems},
	author={Holland, John H},
	journal={Journal of the Association for Computing Machinery},
	volume={9},
	number={3},
	pages={297--314},
	year={1962},
	publisher={ACM New York, NY, USA}
}

@book{holland1975,
	title={Adaptation in natural and artificial systems},
	author={Holland, John Henry},
	year={1975},
	publisher={University of Michigan Press}
}

@article{hung1978,
	title={An algorithm for a class of loading problems},
	author={Hung, Ming S and Brown, J Randall},
	journal={Naval Research Logistics (NRL)},
	volume={25},
	number={2},
	pages={289--297},
	year={1978},
	publisher={Wiley Online Library}
}

@inproceedings{iima2003,
	title={A new design of genetic algorithm for bin packing},
	author={Iima, Hitoshi and Yakawa, Tetsuya},
	booktitle={The 2003 Congress on Evolutionary Computation, 2003. CEC'03.},
	volume={2},
	pages={1044--1049},
	year={2003},
	organization={IEEE}
}

@inproceedings{jansen2005,
	title={On strip packing with rotations},
	author={Jansen, Klaus and van Stee, Rob},
	booktitle={Proceedings of the thirty-seventh annual ACM symposium on Theory of computing},
	pages={755--761},
	year={2005}
}

@phdthesis{johnson1973,
	title={Near-optimal bin packing algorithms},
	author={Johnson, David S},
	year={1973},
	school={Massachusetts Institute of Technology}
}

@article{johnson1974f,
	title={Fast algorithms for bin packing},
	author={Johnson, David S},
	journal={Journal of Computer and System Sciences},
	volume={8},
	number={3},
	pages={272--314},
	year={1974},
	publisher={Elsevier}
}

@article{johnson1974w,
	title={{Worst-Case Performance Bounds for Simple One-Dimensional Packing Algorithms}},
	author={Johnson, David S. and Demers, Alan and Ullman, Jeffrey D. and Garey, Michael R and Graham, Ronald L.},
	journal={{SIAM Journal on Computing}},
	volume={3},
	number={4},
	pages={299--325},
	year={1974},
	publisher={SIAM}
}

@article{johnson1985,
	title={A 7160 theorem for bin packing},
	author={Johnson, David S and Garey, Michael R},
	journal={Journal of Complexity},
	volume={1},
	number={1},
	pages={65--106},
	year={1985},
	publisher={Elsevier}
}

@inproceedings{jones1991,
	title={Solving partitioning problems with genetic algorithms - check this, Beltramo},
	author={Jones, Donald R},
	booktitle={Proc. of the 4th ICGA},
	pages={442--449},
	year={1991}
}

@book{jongen2007,
	title={Optimization theory},
	author={Jongen, Hubertus Th and Meer, Klaus and Triesch, Eberhard},
	year={2007},
	publisher={Springer Science \& Business Media}
}

@article{junkermeier2015,
	title={A Genetic Algorithm for the Bin Packing Problem},
	author={Junkermeier, Jordan},
	journal={Evolutionary Computation, St. Cloud State University, Spring},
	year={2015}
}

@article{kammarti2013,
	title={Evolutionary Approach for the Containers Bin-Packing Problem},
	author={Kammarti, Ryan and Ayachi, Imen and Ksouri, Mekki and Borne, Pierre},
	journal={Studies in Informatics and Control},
	volume={18},
	number={4},
	pages={315--324},
	year={2013}
}

@article{kantorovich1960,
	title={Mathematical methods of organizing and planning production},
	author={Kantorovich, Leonid V},
	journal={Management science, English translation of a 1939 paper written in Russian},
	volume={6},
	number={4},
	pages={366--422},
	year={1960},
	publisher={INFORMS}
}


@inproceedings{karmarkar1982,
	title={An efficient approximation scheme for the one-dimensional bin-packing problem},
	author={Karmarkar, Narendra and Karp, Richard M},
	booktitle={23rd Annual Symposium on Foundations of Computer Science (sfcs 1982)},
	pages={312--320},
	year={1982},
	organization={IEEE}
}

@incollection{karp1972,
	title={{Reducibility Among Combinatorial Problems}},
	author={Karp, Richard M},
	booktitle={{Complexity of Computer Computations}},
	pages={85--103},
	year={1972},
	publisher={Springer}
}

@article{kenmochi2009,
	title={Exact algorithms for the two-dimensional strip packing problem with and without rotations},
	author={Kenmochi, Mitsutoshi and Imamichi, Takashi and Nonobe, Koji and Yagiura, Mutsunori and Nagamochi, Hiroshi},
	journal={European Journal of Operational Research},
	volume={198},
	number={1},
	pages={73--83},
	year={2009},
	publisher={Elsevier}
}

@inproceedings{kennedy1995,
	title={Particle swarm optimization},
	author={Kennedy, James and Eberhart, Russell},
	booktitle={Proceedings of IEEE International Conference on Neural Networks},
	volume={4},
	pages={1942--1948},
	year={1995},
	organization={IEEE}
}

@article{kierkosz2014,
	title={A hybrid evolutionary algorithm for the two-dimensional packing problem},
	author={Kierkosz, Igor and Luczak, Maciej},
	journal={Central European Journal of Operations Research},
	volume={22},
	number={4},
	pages={729--753},
	year={2014},
	publisher={Springer}
}

@article{kirkpatrick1983,
	title={Optimization by simulated annealing},
	author={Kirkpatrick, Scott and Gelatt, C Daniel and Vecchi, Mario P},
	journal={Science},
	volume={220},
	number={4598},
	pages={671--680},
	year={1983},
	publisher={American association for the advancement of science}
}

@inproceedings{klau2004,
	title={Combining a memetic algorithm with integer programming to solve the prize-collecting Steiner tree problem},
	author={Klau, Gunnar W and Ljubi{\'c}, Ivana and Moser, Andreas and Mutzel, Petra and Neuner, Philipp and Pferschy, Ulrich and Raidl, G{\"u}nther and Weiskircher, Ren{\'e}},
	booktitle={Genetic and Evolutionary Computation Conference},
	pages={1304--1315},
	year={2004},
	organization={Springer}
}

@article{knuth2000,
	title={Dancing links},
	author={Knuth, Donald E},
	journal={arXiv preprint cs/0011047},
	year={2000}
}

@article{koren1973,
	title={Extreme degree sequences of simple graphs},
	author={Koren, Michael},
	journal={Journal of Combinatorial Theory, Series B},
	volume={15},
	number={3},
	pages={213--224},
	year={1973},
	publisher={Elsevier}
}

@inproceedings{korf2002,
	title={{A New Algorithm for Optimal Bin Packing}},
	author={Korf, Richard E},
	booktitle={AAAI/IAAI},
	pages={731--736},
	year={2002}
}

@inproceedings{korf2003,
	title={An improved algorithm for optimal bin packing},
	author={Korf, Richard E},
	booktitle={IJCAI},
	volume={3},
	pages={1252--1258},
	year={2003}
}

@article{kroger1995,
	title={Guillotineable bin packing: A genetic approach},
	author={Kr{\"o}ger, Berthold},
	journal={European Journal of Operational Research},
	volume={84},
	number={3},
	pages={645--661},
	year={1995},
	publisher={Elsevier}
}

@article{lee1985,
	title={A simple on-line bin-packing algorithm},
	author={Lee, Chan C and Lee, Der-Tsai},
	journal={Journal of the ACM},
	volume={32},
	number={3},
	pages={562--572},
	year={1985},
	publisher={ACM}
}

@article{leung2012,
	title={A hybrid simulated annealing metaheuristic algorithm for the two-dimensional knapsack packing problem},
	author={Leung, Stephen CH and Zhang, Defu and Zhou, Changle and Wu, Tao},
	journal={Computers \& Operations Research},
	volume={39},
	number={1},
	pages={64--73},
	year={2012},
	publisher={Elsevier}
}

@article{levine2004,
	title={Ant colony optimization and local search for bin packing and cutting stock problems},
	author={Levine, John and Ducatelle, Frederick},
	journal={Journal of the Operational Research Society},
	volume={55},
	number={7},
	pages={705--716},
	year={2004},
	publisher={Taylor \& Francis}
}

@article{lewis2007,
	title={Finding feasible timetables using group-based operators},
	author={Lewis, Rhydian and Paechter, Ben},
	journal={IEEE Transactions on Evolutionary Computation},
	volume={11},
	number={3},
	pages={397--413},
	year={2007},
	publisher={IEEE}
}

@article{lewis2009,
	title={A general-purpose hill-climbing method for order independent minimum grouping problems: A case study in graph colouring and bin packing},
	author={Lewis, Rhyd},
	journal={{Computers \& Operations Research}},
	volume={36},
	number={7},
	pages={2295--2310},
	year={2009},
	publisher={Elsevier}
}

@article{lewis2011,
	title={An investigation into two bin packing problems with ordering and orientation implications},
	author={Lewis, Rhyd and Song, Xiang and Dowsland, K and Thompson, J},
	journal={European Journal of Operational Research},
	volume={213},
	number={1},
	pages={52--65},
	year={2011},
	publisher={Elsevier}
}

@article{lewis2011ea,
	title={Revisiting the restricted growth function genetic algorithm for grouping problems},
	author={Lewis, Rhyd and Pullin, E},
	journal={Evolutionary Computation},
	volume={19},
	number={4},
	pages={693--704},
	year={2011},
	publisher={MIT Press}
}

@article{lewis2012,
	title={A wide-ranging computational comparison of high-performance graph colouring algorithms},
	author={Lewis, Rhyd and Thompson, J and Mumford, C and Gillard, J},
	journal={Computers \& Operations Research},
	volume={39},
	number={9},
	pages={1933--1950},
	year={2012},
	publisher={Elsevier}
}

@book{lewis2015,
	title={A guide to graph colouring},
	author={Lewis, Rhyd},
	volume={7},
	year={2015},
	publisher={Springer}
}

@incollection{lewis2015x,
	title={Graph coloring and recombination},
	author={Lewis, Rhyd},
	booktitle={Springer Handbook of Computational Intelligence},
	pages={1239--1254},
	year={2015},
	publisher={Springer}
}

@article{lewis2017,
  title={{How to Pack Trapezoids: Exact and Evolutionary Algorithms}},
  author={Lewis, Rhyd and Holborn, Penny},
  journal={{IEEE Transactions on Evolutionary Computation}},
  volume={21},
  number={3},
  pages={463--476},
  year={2017},
  publisher={IEEE}
}

@article{lewis2019,
	title={Finding happiness: An analysis of the maximum happy vertices problem},
	author={Lewis, Rhyd and Thiruvady, Dhananjay and Morgan, Kerri},
	journal={Computers \& Operations Research},
	volume={103},
	pages={265--276},
	year={2019},
	publisher={Elsevier}
}

@inproceedings{li2007,
	title={Long alternating cycles in edge-colored complete graphs},
	author={Li, Hao and Wang, Guanghui and Zhou, Shan},
	booktitle={International Workshop on Frontiers in Algorithmics},
	pages={305--309},
	year={2007},
	organization={Springer}
}

@article{lin2009,
	title={Applying hybrid meta-heuristics for capacitated vehicle routing problem},
	author={Lin, Shih-Wei and Lee, Zne-Jung and Ying, Kuo-Ching and Lee, Chou-Yuan},
	journal={Expert Systems with Applications},
	volume={36},
	number={2},
	pages={1505--1512},
	year={2009},
	publisher={Elsevier}
}

@inproceedings{lizarraga2017,
	title={Construct, merge, solve and adapt versus large neighborhood search for solving the multi-dimensional Knapsack problem: Which one works better when?},
	author={Liz{\'a}rraga, Evelia and Blesa, Mar{\'\i}a J and Blum, Christian},
	booktitle={European Conference on Evolutionary Computation in Combinatorial Optimization},
	pages={60--74},
	year={2017},
	organization={Springer}
}

@article{lodi1999,
	title={Approximation algorithms for the oriented two-dimensional bin packing problem},
	author={Lodi, Andrea and Martello, Silvano and Vigo, Daniele},
	journal={European Journal of Operational Research},
	volume={112},
	number={1},
	pages={158--166},
	year={1999},
	publisher={Elsevier}
}

@article{lodi2002,
	title={Two-dimensional packing problems: A survey},
	author={Lodi, Andrea and Martello, Silvano and Monaci, Michele},
	journal={European Journal of Operational Research},
	volume={141},
	number={2},
	pages={241--252},
	year={2002},
	publisher={Elsevier}
}

@incollection{lourenco2003,
	title={Iterated local search},
	author={Louren{\c{c}}o, Helena R and Martin, Olivier C and St{\"u}tzle, Thomas},
	booktitle={Handbook of Metaheuristics},
	pages={320--353},
	year={2003},
	publisher={Kluwer Academic Publishers}
}

@article{lu2010,
	title={A memetic algorithm for graph coloring},
	author={L{\"u}, Zhipeng and Hao, Jin-Kao},
	journal={European Journal of Operational Research},
	volume={203},
	number={1},
	pages={241--250},
	year={2010},
	publisher={Elsevier}
}

@article{mahadev1994,
	title={Longest cycles in threshold graphs},
	author={Mahadev, Nadimpalli VR and Peled, Uri N},
	journal={Discrete Mathematics},
	volume={135},
	number={1-3},
	pages={169--176},
	year={1994},
	publisher={Elsevier}
}

@book{mahadev1995,
  title={{Threshold Graphs and Related Topics, Annals of Discrete Mathematics}},
  author={Mahadev, Nadimpalli V R and Peled, Uri N},
  volume={56},
  year={1995},
  publisher={Elsevier}
}

@article{malaguti2008,
	title={A metaheuristic approach for the vertex coloring problem},
	author={Malaguti, Enrico and Monaci, Michele and Toth, Paolo},
	journal={INFORMS Journal on Computing},
	volume={20},
	number={2},
	pages={302--316},
	year={2008},
	publisher={INFORMS}
}

@book{maniezzo2010,
	title={Matheuristics},
	author={Maniezzo, V and St{\"u}tzle, T and Vo{\ss}, S},
	year={2010},
	publisher={Springer}
}

@article{martello1983,
	title={{An enumerative algorithm for finding Hamiltonian circuits in a directed graph}},
	author={Martello, Silvano},
	journal={ACM Transactions on Mathematical Software (TOMS)},
	volume={9},
	number={1},
	pages={131--138},
	year={1983},
	publisher={ACM}
}

@book{martello1990k,
	title={Knapsack problems: Algorithms and computer implementations},
	author={Martello, Silvano and Toth, Paolo},
	year={1990},
	publisher={Wiley}
}

@article{martello1990l,
  title={Lower bounds and reduction procedures for the bin packing problem},
  author={Martello, Silvano and Toth, Paolo},
  journal={Discrete Applied Mathematics},
  volume={28},
  number={1},
  pages={59--70},
  year={1990},
  publisher={Elsevier}
}

@article{martello2000,
	title={The three-dimensional bin packing problem},
	author={Martello, Silvano and Pisinger, David and Vigo, Daniele},
	journal={Operations Research},
	volume={48},
	number={2},
	pages={256--267},
	year={2000},
	publisher={INFORMS}
}

@inproceedings{massen2012,
	title={Pheromone-based heuristic column generation for vehicle routing problems with black box feasibility},
	author={Massen, Florence and Deville, Yves and Van Hentenryck, Pascal},
	booktitle={International Conference on Integration of Artificial Intelligence (AI) and Operations Research (OR) Techniques in Constraint Programming},
	pages={260--274},
	year={2012},
	organization={Springer}
}

@inproceedings{massen2013,
	title={Experimental analysis of pheromone-based heuristic column generation using irace},
	author={Massen, Florence and L{\'o}pez-Ib{\'a}nez, Manuel and St{\"u}tzle, Thomas and Deville, Yves},
	booktitle={International Workshop on Hybrid Metaheuristics},
	pages={92--106},
	year={2013},
	organization={Springer}
}

@article{mathews1896,
	title={On the partition of numbers},
	author={Mathews, George B},
	journal={Proceedings of the London Mathematical Society},
	volume={1},
	number={1},
	pages={486--490},
	year={1896},
	publisher={Narnia}
}

@book{michalewicz1992,
	title={Genetic Algorithms + Data Structures = Evolution Programs},
	author={Michalewicz, Zbigniew},
	year={1992},
	publisher={Springer-Verlag}
}

@book{mitchell1996,
	title={An introduction to genetic algorithms},
	author={Mitchell, Melanie},
	year={1996},
	publisher={MIT press}
}

@article{mladenovic1997,
	title={Variable neighborhood search},
	author={Mladenovi{\'c}, Nenad and Hansen, Pierre},
	journal={Computers \& Operations Research},
	volume={24},
	number={11},
	pages={1097--1100},
	year={1997},
	publisher={Elsevier}
}

@article{moalic2018,
	title={Variations on memetic algorithms for graph coloring problems},
	author={Moalic, Laurent and Gondran, Alexandre},
	journal={Journal of Heuristics},
	volume={24},
	number={1},
	pages={1--24},
	year={2018},
	publisher={Springer}
}

@article{moscato1989,
	title={On evolution, search, optimization, genetic algorithms and martial arts: Towards memetic algorithms},
	author={Moscato, Pablo and others},
	journal={Caltech concurrent computation program, C3P Report},
	volume={826},
	pages={1989},
	year={1989}
}

@inproceedings{nepomuceno2007clp,
	title={Combining metaheuristics and integer linear programming: a hybrid methodology applied to the container loading problem},
	author={Nepomuceno, Napole{\~a}o V and Pinheiro, Pl{\'a}cido R and Coelho, Andr{\'e} LV},
	booktitle={Proceedings of the XX congreso da sociedade brasileira de computa{\c{c}}{\~a}o, concurso de teses e disserta{\c{c}}{\~o}es},
	pages={2028--32},
	year={2007}
}

@inproceedings{nepomuceno2007ga,
	title={Tackling the container loading problem: a hybrid approach based on integer linear programming and genetic algorithms},
	author={Nepomuceno, Napole{\~a}o and Pinheiro, Pl{\'a}cido and Coelho, Andr{\'e} LV},
	booktitle={European Conference on Evolutionary Computation in Combinatorial Optimization},
	pages={154--165},
	year={2007},
	organization={Springer}
}

@incollection{nepomuceno2008,
	title={A hybrid optimization framework for cutting and packing problems},
	author={Nepomuceno, Napoleao and Pinheiro, Pl{\'a}cido and Coelho, Andr{\'e} LV},
	booktitle={Recent Advances in Evolutionary Computation for Combinatorial Optimization},
	pages={87--99},
	year={2008},
	publisher={Springer}
}

@article{nouri2016,
	title={Hybrid metaheuristics for scheduling of machines and transport robots in job shop environment},
	author={Nouri, Houssem Eddine and Driss, Olfa Belkahla and Gh{\'e}dira, Khaled},
	journal={Applied Intelligence},
	volume={45},
	number={3},
	pages={808--828},
	year={2016},
	publisher={Springer}
}

@article{ntene2008,
	title={{A survey and comparison of heuristics for the 2D oriented on-line strip packing problem}},
	author={Ntene, Nthabiseng and van Vuuren, Jan H},
	journal={ORiON},
	volume={24},
	number={2},
	pages={157--183},
	year={2008},
	publisher={ORSSA}
}

@incollection{orlin1977,
	title={The minimal integral separator of a threshold graph},
	author={Orlin, James},
	booktitle={Annals of Discrete Mathematics},
	volume={1},
	pages={415--419},
	year={1977},
	publisher={Elsevier}
}

@article{pankratz2005,
	title={Dynamic vehicle routing by means of a genetic algorithm},
	author={Pankratz, Giselher},
	journal={International Journal of Physical Distribution \& Logistics Management},
	year={2005},
	publisher={Emerald Group Publishing Limited}
}

@book{papadimitriou2003,
	title={Computational complexity},
	author={Papadimitriou, Christos H},
	year={2003},
	publisher={John Wiley \& Sons Ltd.}
}

@article{petersen1891,
	title={Die Theorie der regul{\"a}ren graphs},
	author={Petersen, Julius},
	journal={Acta Mathematica},
	volume={15},
	number={1},
	pages={193--220},
	year={1891},
	publisher={Springer}
}

@book{petzold2008,
	title={The Annotated Turing: a guided tour through Alan Turing's historic paper on computability and the Turing machine},
	author={Petzold, Charles},
	year={2008},
	publisher={Wiley}
}

@article{pillay2012,
	title={A study of evolutionary algorithm selection hyper-heuristics for the one-dimensional bin-packing problem},
	author={Pillay, Nelishia},
	journal={South African Computer Journal},
	volume={48},
	number={1},
	pages={31--40},
	year={2012},
	publisher={Sabinet}
}

@article{pinacho2018,
	title={The weighted independent domination problem: Integer linear programming models and metaheuristic approaches},
	author={Pinacho-Davidson, Pedro and Blum, Christian and Lozano, Jose A},
	journal={European Journal of Operational Research},
	volume={265},
	number={3},
	pages={860--871},
	year={2018},
	publisher={Elsevier}
}

@inproceedings{pinacho2019,
	title={{Application of CMSA to the minimum capacitated dominating set problem}},
	author={Pinacho-Davidson, Pedro and Bouamama, Salim and Blum, Christian},
	booktitle={Proceedings of the Genetic and Evolutionary Computation Conference},
	pages={321--328},
	year={2019}
}

@article{pinheiro2011,
	title={On the concept of density control and its application to a hybrid optimization framework: investigation into cutting problems},
	author={Pinheiro, Pl{\'a}cido R and Coelho, Andr{\'e} LV and de Aguiar, Alexei B and Bonates, Tib{\'e}rius O},
	journal={Computers \& Industrial Engineering},
	volume={61},
	number={3},
	pages={463--472},
	year={2011},
	publisher={Elsevier}
}

@article{pinheiro2012,
	title={Towards aid by generate and solve methodology: application in the problem of coverage and connectivity in wireless sensor networks},
	author={Pinheiro, Placido Rogerio and Coelho, Andre Luis Vasconcelos and Aguiar, Alexei Barbosa and Sobreira Neto, Alvaro de Menezes},
	journal={International Journal of Distributed Sensor Networks},
	volume={8},
	number={10},
	pages={790459},
	year={2012},
	publisher={SAGE Publications Sage UK: London, England}
}

@article{poldi2009,
	title={Heuristics for the one-dimensional cutting stock problem with limited multiple stock lengths},
	author={Poldi, Kelly Cristina and Arenales, Marcos Nereu},
	journal={Computers \& Operations Research},
	volume={36},
	number={6},
	pages={2074--2081},
	year={2009},
	publisher={Elsevier}
}

@article{qin2011,
	title={Hybrid Discrete Particle Swarm Algorithm for Graph Coloring Problem.},
	author={Qin, Jin and Yin, Yixin and Ban, Xiaojuan},
	journal={JCP},
	volume={6},
	number={6},
	pages={1175--1182},
	year={2011}
}

@article{quiroz2015,
	title={A grouping genetic algorithm with controlled gene transmission for the bin packing problem},
	author={Quiroz-Castellanos, Marcela and Cruz-Reyes, Laura and Torres-Jimenez, Jose and G{\'o}mez, Claudia and Huacuja, H{\'e}ctor J Fraire and Alvim, Adriana CF},
	journal={Computers \& Operations Research},
	volume={55},
	pages={52--64},
	year={2015},
	publisher={Elsevier}
}

@inproceedings{radcliffe1991,
	title={Forma Analysis and Random Respectful Recombination.},
	author={Radcliffe, Nicholas J and others},
	booktitle={ICGA},
	volume={91},
	pages={222--229},
	year={1991}
}

@inproceedings{radcliffe1992,
	title={Non-Linear Genetic Representations},
	author={Radcliffe, Nicholas J},
	booktitle={PPSN},
	pages={261--270},
	year={1992}
}

@article{raidl2015,
	title={Decomposition based hybrid metaheuristics},
	author={Raidl, G{\"u}nther R},
	journal={European Journal of Operational Research},
	volume={244},
	number={1},
	pages={66--76},
	year={2015},
	publisher={Elsevier}
}

@article{reeves1996,
	title={Hybrid genetic algorithms for bin-packing and related problems},
	author={Reeves, Colin},
	journal={Annals of Operations Research},
	volume={63},
	number={3},
	pages={371--396},
	year={1996},
	publisher={Springer}
}

@inproceedings{rekiek1999,
	title={Applying the equal piles problem to balance assembly lines},
	author={Rekiek, Brahim and De Lit, Pierre and Pellichero, Fabrice and Falkenauer, Emanuel and Delchambre, Alain},
	booktitle={Proceedings of the 1999 IEEE International Symposium on Assembly and Task Planning (ISATP'99)},
	pages={399--404},
	year={1999},
	organization={IEEE}
}

@article{rivin1994,
	title={The n-queens problem},
	author={Rivin, Igor and Vardi, Ilan and Zimmermann, Paul},
	journal={The American Mathematical Monthly},
	volume={101},
	number={7},
	pages={629--639},
	year={1994},
	publisher={Taylor \& Francis}
}

@inproceedings{rohlfshagen2007,
	title={A genetic algorithm with exon shuffling crossover for hard bin packing problems},
	author={Rohlfshagen, Philipp and Bullinaria, John A},
	booktitle={Proceedings of the 9th annual conference on genetic and evolutionary computation},
	pages={1365--1371},
	year={2007},
	organization={ACM}
}

@article{rubin1974,
	title={{A search procedure for Hamilton paths and circuits}},
	author={Rubin, Frank},
	journal={Journal of the ACM (JACM)},
	volume={21},
	number={4},
	pages={576--580},
	year={1974},
	publisher={ACM}
}

@inproceedings{saraiva2013,
	title={The generate-and-solve framework revisited: generating by simulated annealing},
	author={Saraiva, Rommel D and Nepomuceno, Napoleao V and Pinheiro, Pl{\'a}cido R},
	booktitle={European Conference on Evolutionary Computation in Combinatorial Optimization},
	pages={262--273},
	year={2013},
	organization={Springer}
}

@article{saraiva2019,
	title={A Two-Phase Approach for Single Container Loading with Weakly Heterogeneous Boxes},
	author={Saraiva, Rommel D and Nepomuceno, Napole{\~a}o and Rog{\'e}rio Pinheiro, Pl{\'a}cido},
	journal={Algorithms},
	volume={12},
	number={4},
	pages={67},
	year={2019},
	publisher={Multidisciplinary Digital Publishing Institute}
}

@article{scholl1997,
	title={Bison: A fast hybrid procedure for exactly solving the one-dimensional bin packing problem},
	author={Scholl, Armin and Klein, Robert and J{\"u}rgens, Christian},
	journal={Computers \& Operations Research},
	volume={24},
	number={7},
	pages={627--645},
	year={1997},
	publisher={Pergamon}
}

@inproceedings{schreiber2013,
	title={Improved bin completion for optimal bin packing and number partitioning},
	author={Schreiber, Ethan L and Korf, Richard E},
	booktitle={Twenty-Third International Joint Conference on Artificial Intelligence},
	year={2013}
}

@book{schwefel1981,
	title={Numerical Optimization of Computer Models},
	author={Schwefel, Hans-Paul},
	year={1981},
	publisher={John Wiley \& Sons, Inc.}
}

@article{schwerin1997,
	title={{The bin-packing problem: A problem generator and some numerical experiments with FFD packing and MTP}},
	author={Schwerin, Petra and W{\"a}scher, Gerhard},
	journal={International Transactions in Operational Research},
	volume={4},
	number={5-6},
	pages={377--389},
	year={1997},
	publisher={Elsevier}
}

@article{schwerin1999,
	title={{A new lower bound for the bin-packing problem and its integration into MTP}},
	author={Schwerin, Petra and W{\"a}scher, Gerhard},
	journal={Pesquisa Operacional},
	volume={19},
	number={2},
	pages={111--129},
	year={1999},
	publisher={Martin-Luther-Univ. Halle-Wittenberg, Wirtschaftswiss. Fak.}
}

@book{scott1958,
	title={Programming a Combinatorial Puzzle},
	author={Scott, Dana},
	year={1958},
	publisher={Princeton University Department of Electrical Engineering}
}

@article{seiden2002,
	title={On the online bin packing problem},
	author={Seiden, Steven S},
	journal={Journal of the ACM},
	volume={49},
	number={5},
	pages={640--671},
	year={2002},
	publisher={ACM}
}

@article{singh2007,
	title={Two heuristics for the one-dimensional bin-packing problem},
	author={Singh, Alok and Gupta, Ashok K},
	journal={OR Spectrum},
	volume={29},
	number={4},
	pages={765--781},
	year={2007},
	publisher={Springer}
}

@article{smith1980,
	title={A learning system based on genetic adaptive algorithms},
	author={Smith, Stephen Frederick},
	year={1980},
	publisher={University of Pittsburgh}
}

@article{song2014,
	title={Column generation and sequential heuristic procedure for solving an irregular shape cutting stock problem},
	author={Song, Xiang and Bennell, Julia A},
	journal={Journal of the Operational Research Society},
	volume={65},
	number={7},
	pages={1037--1052},
	year={2014},
	publisher={Taylor \& Francis}
}

@article{sorensen2013,
	title={Metaheuristics},
	author={S{\"o}rensen, Kenneth and Glover, Fred},
	journal={Encyclopedia of Operations Research and Management Science},
	volume={62},
	pages={960--970},
	year={2013},
	publisher={Springer New York}
}

@article{sorensen2017,
	title={A history of metaheuristics},
	author={S{\"o}rensen, Kenneth and Sevaux, Marc and Glover, Fred},
	journal={arXiv preprint arXiv:1704.00853},
	year={2017}
}

@article{storn1997,
	title={Differential evolution -- a simple and efficient heuristic for global optimization over continuous spaces},
	author={Storn, Rainer and Price, Kenneth},
	journal={Journal of Global Optimization},
	volume={11},
	number={4},
	pages={341--359},
	year={1997},
	publisher={Springer}
}

@inproceedings{syswerda1989,
	title={Uniform Crossover in Genetic Algorithms},
	author={Syswerda, Gilbert},
	booktitle={Proceedings of the Third International Conference on Genetic Algorithms},
	pages={2--9},
	year={1989},
	organization={Morgan Kaufmann Publishers}
}

@article{talbi2002,
	title={A taxonomy of hybrid metaheuristics},
	author={Talbi, E-G},
	journal={Journal of Heuristics},
	volume={8},
	number={5},
	pages={541--564},
	year={2002},
	publisher={Springer}
}

@book{talbi2009,
	title={Metaheuristics: from design to implementation},
	author={Talbi, El-Ghazali},
	year={2009},
	publisher={John Wiley \& Sons}
}

@book{talbi2013,
	title={Hybrid metaheuristics, Studies in computational intelligence},
	author={Talbi, El-Ghazali},
	year={2013},
	publisher={Springer-Verlag}
}

@article{tang1996,
	title={Genetic algorithms and their applications},
	author={Tang, Kit-Sang and Man, Kim-Fung and Kwong, Sam and He, Qun},
	journal={IEEE signal processing magazine},
	volume={13},
	number={6},
	pages={22--37},
	year={1996},
	publisher={IEEE}
}

@article{tarantilis2009,
	title={A hybrid metaheuristic algorithm for the integrated vehicle routing and three-dimensional container-loading problem},
	author={Tarantilis, Christos D and Zachariadis, Emmanouil E and Kiranoudis, Chris T},
	journal={IEEE Transactions on Intelligent Transportation Systems},
	volume={10},
	number={2},
	pages={255--271},
	year={2009},
	publisher={IEEE}
}

@inproceedings{thiruvady2008,
	title={{Strip packing with hybrid ACO: Placement order is learnable}},
	author={Thiruvady, Dhananjay R and Meyer, Bernd and Ernst, Andreas T},
	booktitle={2008 IEEE Congress on Evolutionary Computation (IEEE World Congress on Computational Intelligence)},
	pages={1207--1213},
	year={2008},
	organization={IEEE}
}

@inproceedings{thiruvady2019,
	title={{Maximising the net present value of project schedules using CMSA and parallel ACO}},
	author={Thiruvady, Dhananjay and Blum, Christian and Ernst, Andreas T},
	booktitle={International Workshop on Hybrid Metaheuristics},
	pages={16--30},
	year={2019},
	organization={Springer}
}

@article{thompson1998,
	title={A robust simulated annealing based examination timetabling system},
	author={Thompson, Jonathan M and Dowsland, Kathryn A},
	journal={Computers \& Operations Research},
	volume={25},
	number={7-8},
	pages={637--648},
	year={1998},
	publisher={Elsevier}
}

@article{ullman1971,
	title={The performance of a memory allocation algorithm},
	author={Ullman, J D},
	journal={Princeton University, Department of Electrical Engineering},
	year={1971}
}

@article{vandevel1991,
	title={An application of the bin-packing technique to job scheduling on uniform processors},
	author={van de Vel, H and Shijie, Sun},
	journal={Journal of the Operational Research Society},
	volume={42},
	number={2},
	pages={169--172},
	year={1991},
	publisher={Taylor \& Francis}
}

@article{vanderbeck1999,
	title={Computational study of a column generation algorithm for bin packing and cutting stock problems},
	author={Vanderbeck, Fran{\c{c}}ois},
	journal={Mathematical Programming},
	volume={86},
	number={3},
	pages={565--594},
	year={1999},
	publisher={Springer}
}

@article{vandriessche1992,
	title={Load balancing with genetic algorithms},
	author={Van Driessche, Raf and Piessens, Robert},
	journal={Parallel Problem Solving from Nature, 2},
	pages={341--350},
	year={1992}
}

@article{vanvliet1992,
	title={An improved lower bound for on-line bin packing algorithms},
	author={van Vliet, Andr{\'e}},
	journal={Information Processing Letters},
	volume={43},
	number={5},
	pages={277--284},
	year={1992},
	publisher={Elsevier}
}

@book{vazirani2003,
	title={Approximation Algorithms},
	author={Vazirani, Vijay V},
	year={2003},
	publisher={Springer-Verlag Berlin Heidelberg}
}

@article{wascher2007,
	title={An improved typology of cutting and packing problems},
	author={W{\"a}scher, Gerhard and Hau{\ss}ner, Heike and Schumann, Holger},
	journal={European Journal of Operational Research},
	volume={183},
	number={3},
	pages={1109--1130},
	year={2007},
	publisher={Elsevier}
}

@book{williamson2011,
	title={The design of approximation algorithms},
	author={Williamson, David P and Shmoys, David B},
	year={2011},
	publisher={Cambridge University Press}
}

@article{xavier2008,
	title={A one-dimensional bin packing problem with shelf divisions},
	author={Xavier, EC and Miyazawa, Fl{\'a}vio Keidi},
	journal={Discrete Applied Mathematics},
	volume={156},
	number={7},
	pages={1083--1096},
	year={2008},
	publisher={Elsevier}
}

@article{xia2010,
	title={{Tighter bounds of the First Fit algorithm for the bin-packing problem}},
	author={Xia, Binzhou and Tan, Zhiyi},
	journal={Discrete Applied Mathematics},
	volume={158},
	number={15},
	pages={1668--1675},
	year={2010},
	publisher={Elsevier}
}

@article{yang1999,
	title={{On F-Hamiltonian graphs}},
	author={Yang, Zhenqi},
	journal={Discrete Mathematics},
	volume={196},
	number={1-3},
	pages={281--286},
	year={1999},
	publisher={Elsevier}
}

@article{yao1980,
	title={New algorithms for bin packing},
	author={Yao, Andrew Chi-Chih},
	journal={Journal of the ACM (JACM)},
	volume={27},
	number={2},
	pages={207--227},
	year={1980},
	publisher={ACM}
}

@article{yu2011,
	title={A hybrid algorithm for vehicle routing problem with time windows},
	author={Yu, Bin and Yang, ZZ and Yao, BZ},
	journal={Expert Systems with Applications},
	volume={38},
	number={1},
	pages={435--441},
	year={2011},
	publisher={Elsevier}
}

@article{yue1991,
	title={{A simple proof of the inequality {$FFD (L) \leq 11/9 OPT (L)+ 1,\forall L$} for the FFD bin-packing algorithm}},
	author={Yue, Minyi},
	journal={Acta Mathematicae Applicatae Sinica},
	volume={7},
	number={4},
	pages={321--331},
	year={1991},
	publisher={Springer}
}

@article{zhang2016,
	title={A hybrid algorithm based on variable neighbourhood for the strip packing problem},
	author={Zhang, Defu and Che, Yuxin and Ye, Furong and Si, Yain-Whar and Leung, Stephen CH},
	journal={Journal of Combinatorial Optimization},
	volume={32},
	number={2},
	pages={513--530},
	year={2016},
	publisher={Springer}
}

@article{zhou2009,
	title={An exact algorithm for the type-constrained and variable sized bin packing problem},
	author={Zhou, Chunyang and Wu, Chongfeng and Feng, Yun},
	journal={Annals of Operations Research},
	volume={172},
	number={1},
	pages={193},
	year={2009},
	publisher={Springer}
}